@ARTICLE{vdb08,
   author = {{van den Bergh}, S.},
    title = "{The Flattening of Globular Clusters}",
  journal = {\aj},
archivePrefix = "arXiv",
   eprint = {0802.4061},
 keywords = {galaxies: star clusters, globular clusters: general},
     year = 2008,
    month = may,
   volume = 135,
    pages = {1731-1737},
      doi = {10.1088/0004-6256/135/5/1731},
   adsurl = {http://adsabs.harvard.edu/abs/2008AJ....135.1731V},
  adsnote = {Provided by the SAO/NASA Astrophysics Data System}
}

@ARTICLE{bertin96,
   author = {{Bertin}, E. and {Arnouts}, S.},
    title = "{SExtractor: Software for source extraction.}",
  journal = {\aaps},
 keywords = {METHODS: DATA ANALYSIS, TECHNIQUES: IMAGE PROCESSING, GALAXIES: PHO
TOMETRY},
     year = 1996,
    month = jun,
   volume = 117,
    pages = {393-404},
   adsurl = {http://esoads.eso.org/abs/1996A%26AS..117..393B},
  adsnote = {Provided by the SAO/NASA Astrophysics Data System}
}

@ARTICLE{harris10,
   author = {{Harris}, G.~L.~H.},
    title = "{NGC 5128: The Giant Beneath}",
  journal = {\pasa},
archivePrefix = "arXiv",
   eprint = {1004.4907},
 primaryClass = "astro-ph.GA",
 keywords = {Galaxies: distances, galaxies: stellar content and star clusters, galaxies: individual (NGC 5128),},
     year = 2010,
    month = oct,
   volume = 27,
    pages = {475-481},
      doi = {10.1071/AS09063},
   adsurl = {http://adsabs.harvard.edu/abs/2010PASA...27..475H},
  adsnote = {Provided by the SAO/NASA Astrophysics Data System}
}

@ARTICLE{ouchi04,
   author = {{Ouchi}, M. and {Shimasaku}, K. and {Okamura}, S. and {Furusawa}, H. and 
	{Kashikawa}, N. and {Ota}, K. and {Doi}, M. and {Hamabe}, M. and 
	{Kimura}, M. and {Komiyama}, Y. and {Miyazaki}, M. and {Miyazaki}, S. and 
	{Nakata}, F. and {Sekiguchi}, M. and {Yagi}, M. and {Yasuda}, N.
	},
    title = "{Subaru Deep Survey. V. A Census of Lyman Break Galaxies at z\~{}=4 and 5 in the Subaru Deep Fields: Photometric Properties}",
  journal = {\apj},
   eprint = {arXiv:astro-ph/0309655},
 keywords = {Cosmology: Observations, Galaxies: Evolution, Galaxies: High-Redshift},
     year = 2004,
    month = aug,
   volume = 611,
    pages = {660-684},
      doi = {10.1086/422207},
   adsurl = {http://adsabs.harvard.edu/abs/2004ApJ...611..660O},
  adsnote = {Provided by the SAO/NASA Astrophysics Data System}
}

@ARTICLE{miyazaki02,
   author = {{Miyazaki}, S. and {Komiyama}, Y. and {Sekiguchi}, M. and {Okamura}, S. and 
	{Doi}, M. and {Furusawa}, H. and {Hamabe}, M. and {Imi}, K. and 
	{Kimura}, M. and {Nakata}, F. and {Okada}, N. and {Ouchi}, M. and 
	{Shimasaku}, K. and {Yagi}, M. and {Yasuda}, N.},
    title = "{Subaru Prime Focus Camera -- Suprime-Cam}",
  journal = {\pasj},
   eprint = {arXiv:astro-ph/0211006},
 keywords = {instrumentation: detectors, techniques: image processing, telescopes},
     year = 2002,
    month = dec,
   volume = 54,
    pages = {833-853},
   adsurl = {http://adsabs.harvard.edu/abs/2002PASJ...54..833M},
  adsnote = {Provided by the SAO/NASA Astrophysics Data System}
}

@ARTICLE{rejkuba01,
   author = {{Rejkuba}, M.},
    title = "{Deep VLT search for globular clusters in NGC 5128: Color-magnitude diagrams and globular cluster luminosity function}",
  journal = {\aap},
   eprint = {arXiv:astro-ph/0102113},
 keywords = {GALAXIES: STAR CLUSTERS, GALAXIES: FORMATION, GALAXIES: INDIVIDUAL: NGC 5128},
     year = 2001,
    month = apr,
   volume = 369,
    pages = {812-825},
      doi = {10.1051/0004-6361:20010180},
   adsurl = {http://adsabs.harvard.edu/abs/2001A%26A...369..812R},
  adsnote = {Provided by the SAO/NASA Astrophysics Data System}
}

@ARTICLE{davidge02,
   author = {{Davidge}, T.~J.},
    title = "{The Upper Asymptotic Giant Branch of the Elliptical Galaxy Maffei 1 and Comparisons with M32 and NGC 5128}",
  journal = {\aj},
   eprint = {arXiv:astro-ph/0207122},
 keywords = {Galaxies: Elliptical and Lenticular, cD, Galaxies: Evolution, Galaxies: Individual: Name: Maffei 1, Galaxies: Individual: Messier Number: M32, Galaxies: Individual: NGC Number: NGC 5128, Galaxies: Nuclei, Stars: AGB and Post-AGB},
     year = 2002,
    month = oct,
   volume = 124,
    pages = {2012-2022},
      doi = {10.1086/342535},
   adsurl = {http://adsabs.harvard.edu/abs/2002AJ....124.2012D},
  adsnote = {Provided by the SAO/NASA Astrophysics Data System}
}

@ARTICLE{gomez06,
   author = {{G{\'o}mez}, M. and {Geisler}, D. and {Harris}, W.~E. and {Richtler}, T. and 
	{Harris}, G.~L.~H. and {Woodley}, K.~A.},
    title = "{Structural parameters from ground-based observations of newly discovered globular clusters in <ASTROBJ>NGC 5128</ASTROBJ>}",
  journal = {\aap},
   eprint = {arXiv:astro-ph/0510544},
 keywords = {galaxies: individual: NGC 5128, galaxies: star clusters, globular clusters: general},
     year = 2006,
    month = mar,
   volume = 447,
    pages = {877-890},
      doi = {10.1051/0004-6361:20053393},
   adsurl = {http://adsabs.harvard.edu/abs/2006A%26A...447..877G},
  adsnote = {Provided by the SAO/NASA Astrophysics Data System}
}

@ARTICLE{gomez07,
   author = {{G{\'o}mez}, M. and {Woodley}, K.~A.},
    title = "{Sizes of Confirmed Globular Clusters in NGC 5128: A Wide-Field High-Resolution Study}",
  journal = {\apjl},
archivePrefix = "arXiv",
   eprint = {0710.1778},
 keywords = {Galaxies: Elliptical and Lenticular, cD, Galaxies: Individual: NGC Number: NGC 5128, Galaxies: Star Clusters, Galaxy: Globular Clusters: General},
     year = 2007,
    month = dec,
   volume = 670,
    pages = {L105-L108},
      doi = {10.1086/524223},
   adsurl = {http://adsabs.harvard.edu/abs/2007ApJ...670L.105G},
  adsnote = {Provided by the SAO/NASA Astrophysics Data System}
}

@ARTICLE{luppino93,
   author = {{Luppino}, G.~A. and {Tonry}, J.~L.},
    title = "{Infrared surface brightness fluctuations - K-prime-band observations of M31, M32, and the distance to Maffei 1}",
  journal = {\apj},
 keywords = {ANDROMEDA GALAXY, BRIGHTNESS DISTRIBUTION, ELLIPTICAL GALAXIES, INFRARED ASTRONOMY, ASTRONOMICAL PHOTOMETRY, CALIBRATING, CHARGE COUPLED DEVICES, COLOR-MAGNITUDE DIAGRAM, METALLICITY, POWER SPECTRA},
     year = 1993,
    month = jun,
   volume = 410,
    pages = {81-86},
      doi = {10.1086/172726},
   adsurl = {http://adsabs.harvard.edu/abs/1993ApJ...410...81L},
  adsnote = {Provided by the SAO/NASA Astrophysics Data System}
}

@ARTICLE{davidge05,
   author = {{Davidge}, T.~J. and {van den Bergh}, S.},
    title = "{The Globular Cluster Content of Maffei 1}",
  journal = {\pasp},
   eprint = {arXiv:astro-ph/0504335},
 keywords = {Galaxies: Individual: Name: Maffei 1, Galaxies: Elliptical and Lenticular, cD, Galaxies: Star Clusters},
     year = 2005,
    month = jun,
   volume = 117,
    pages = {589-600},
      doi = {10.1086/430367},
   adsurl = {http://adsabs.harvard.edu/abs/2005PASP..117..589D},
  adsnote = {Provided by the SAO/NASA Astrophysics Data System}
}

@ARTICLE{fingerhut07,
   author = {{Fingerhut}, R.~L. and {Lee}, H. and {McCall}, M.~L. and {Richer}, M.~G.
	},
    title = "{The Extinction and Distance of Maffei 2 and a New View of the IC 342/Maffei Group}",
  journal = {\apj},
   eprint = {arXiv:astro-ph/0610044},
 keywords = {galaxies: clusters: individual (IC 342-Maffei), Galaxies: Distances and Redshifts, Galaxies: Individual: Name: Maffei 1, Galaxies: Individual: Name: Maffei 2, Galaxies: Individual: Alphanumeric: IC 342},
     year = 2007,
    month = feb,
   volume = 655,
    pages = {814-830},
      doi = {10.1086/509862},
   adsurl = {http://adsabs.harvard.edu/abs/2007ApJ...655..814F},
  adsnote = {Provided by the SAO/NASA Astrophysics Data System}
}

@ARTICLE{mccall95,
   author = {{McCall}, M.~L. and {Buta}, R.~J.},
    title = "{Discovery of Two Likely Dwarf Companions of Maffei 1}",
  journal = {\aj},
 keywords = {LOCAL GROUP},
     year = 1995,
    month = jun,
   volume = 109,
    pages = {2460-+},
      doi = {10.1086/117463},
   adsurl = {http://adsabs.harvard.edu/abs/1995AJ....109.2460M},
  adsnote = {Provided by the SAO/NASA Astrophysics Data System}
}

@ARTICLE{buta03,
   author = {{Buta}, R. and {McCall}, M.~L.},
    title = "{Maffei 1 with the Hubble Space Telescope}",
  journal = {\aj},
 keywords = {Galaxies: Elliptical and Lenticular, cD, Galaxies: Photometry, Galaxies: Structure},
     year = 2003,
    month = mar,
   volume = 125,
    pages = {1150-1163},
      doi = {10.1086/367789},
   adsurl = {http://adsabs.harvard.edu/abs/2003AJ....125.1150B},
  adsnote = {Provided by the SAO/NASA Astrophysics Data System}
}

@ARTICLE{spinrad71,
   author = {{Spinrad}, H. and {Sargent}, W.~L.~W. and {Oke}, J.~B. and {Neugebauer}, G. and 
	{Landau}, R. and {King}, I.~R. and {Gunn}, J.~E. and {Garmire}, G. and 
	{Dieter}, N.~H.},
    title = "{Maffei 1: a New Massive Member of the Local Group?}",
  journal = {\apjl},
     year = 1971,
    month = jan,
   volume = 163,
    pages = {L25},
      doi = {10.1086/180660},
   adsurl = {http://adsabs.harvard.edu/abs/1971ApJ...163L..25S},
  adsnote = {Provided by the SAO/NASA Astrophysics Data System}
}

@ARTICLE{fingerhut03,
   author = {{Fingerhut}, R.~L. and {McCall}, M.~L. and {De Robertis}, M. and 
	{Kingsburgh}, R.~L. and {Komljenovic}, M. and {Lee}, H. and 
	{Buta}, R.~J.},
    title = "{The Extinction and Distance of Maffei 1}",
  journal = {\apj},
   eprint = {arXiv:astro-ph/0301414},
 keywords = {Galaxies: Distances and Redshifts, Galaxies: Individual: Name: Maffei 1},
     year = 2003,
    month = apr,
   volume = 587,
    pages = {672-684},
      doi = {10.1086/368339},
   adsurl = {http://adsabs.harvard.edu/abs/2003ApJ...587..672F},
  adsnote = {Provided by the SAO/NASA Astrophysics Data System}
}

@ARTICLE{maffei68,
   author = {{Maffei}, P.},
    title = "{Infrared Object in the Region of IC 1895}",
  journal = {\pasp},
     year = 1968,
    month = oct,
   volume = 80,
    pages = {618-621},
      doi = {10.1086/128698},
   adsurl = {http://adsabs.harvard.edu/abs/1968PASP...80..618M},
  adsnote = {Provided by the SAO/NASA Astrophysics Data System}
}

@ARTICLE{buta99,
   author = {{Buta}, R.~J. and {McCall}, M.~L.},
    title = "{The IC 342/Maffei Group Revealed}",
  journal = {\apjs},
 keywords = {GALAXIES: CLUSTERS: INDIVIDUAL: ALPHANUMERIC: IC 342/MAFFEI, GALAXIES: PHOTOMETRY, GALAXIES: STRUCTURE, INFRARED: GALAXIES},
     year = 1999,
    month = sep,
   volume = 124,
    pages = {33-93},
      doi = {10.1086/313255},
   adsurl = {http://adsabs.harvard.edu/abs/1999ApJS..124...33B},
  adsnote = {Provided by the SAO/NASA Astrophysics Data System}
}

@ARTICLE{stetson94,
   author = {{Stetson}, P.~B.},
    title = "{The center of the core-cusp globular cluster M15: CFHT and HST Observations, ALLFRAME reductions}",
  journal = {\pasp},
 keywords = {ASTRONOMICAL PHOTOMETRY, COLOR-COLOR DIAGRAM, COLOR-MAGNITUDE DIAGRAM, GLOBULAR CLUSTERS, CALIBRATING, DATA REDUCTION, HUBBLE SPACE TELESCOPE},
     year = 1994,
    month = mar,
   volume = 106,
    pages = {250-280},
      doi = {10.1086/133378},
   adsurl = {http://adsabs.harvard.edu/abs/1994PASP..106..250S},
  adsnote = {Provided by the SAO/NASA Astrophysics Data System}
}

@ARTICLE{stetson87,
   author = {{Stetson}, P.~B.},
    title = "{DAOPHOT - A computer program for crowded-field stellar photometry}",
  journal = {\pasp},
 keywords = {ALGORITHMS, ASTRONOMICAL PHOTOMETRY, COMPUTER PROGRAMS, CHARGE COUPLED DEVICES, COLOR-MAGNITUDE DIAGRAM, MAGELLANIC CLOUDS, POINT SPREAD FUNCTIONS, TELEVISION CAMERAS},
     year = 1987,
    month = mar,
   volume = 99,
    pages = {191-222},
      doi = {10.1086/131977},
   adsurl = {http://adsabs.harvard.edu/abs/1987PASP...99..191S},
  adsnote = {Provided by the SAO/NASA Astrophysics Data System}
}

@INPROCEEDINGS{stetson93,
   author = {{Stetson}, P.~B.},
    title = "{Further Progress in CCD Photometry}",
booktitle = {IAU Colloq. 136: Stellar Photometry - Current Techniques and Future Developments},
     year = 1993,
   editor = "{C.~J.~Butler \& I.~Elliott}",
    pages = {291},
   adsurl = {http://adsabs.harvard.edu/abs/1993spct.conf..291S},
  adsnote = {Provided by the SAO/NASA Astrophysics Data System}
}

